
% Books


@book{WPFbook,
    author    = "Nathan, Adam",
    title     = "WPF 4.5 Unleashed",
    year      = "2014",
    publisher = "Pearson Education",
    address   = "United States of America"
}
 
@book{Dale,
  author =       "Dale, P.S. ",
  title =        "Language development: structure and function (2nd edition)",
  year =         "1976",
  publisher =   "New York: Holt, Rinehart and Winston."
}
@book{NielsenBok,
  author =       "Dale, P.S. ",
  title =        "Language development: structure and function (2nd edition)",
  year =         "1976",
  publisher =   "New York: Holt, Rinehart and Winston."
}

% Articles





@article{Scally,
  author =       "Scally, C.",
  title =        " Visual design: Implications for developing dynamic display systems",
  year =         "2001",
  journal =      "Perspectives on Augmentative and Alternative Communication",
  volume    =    "10(4)", 
  pages =   "16 – 19."
}


@article{Smith,
  author =       "Smith, M.E. ",
  title =        "An investigation of the development of the sentence and the extent of
vocabulary in young children",
  year =         "1926",
  journal =      "University of Iowa Studies in child welfare",
  volume    =    "5", 
  publisher =   "Cambridge, Mass: MIT. Press"
}


@article{Bloom,
  author =       "Bloom, P. ",
  title =        "How children learn the meanings of words.",
  year =         "2002",
  publisher =   "Cambridge, Mass: MIT. Press"
}

@article{Javal,
  author =       "Javal, E. ",
  title =        "Essai sur la Physiologie de la Lecture",
  journal =      "Annales D'Oculistique",
  volume =       "81",
  pages =        "61-73",
  year =         "1879",
}




@article{aac,
  author =       "Light, Janice C., and Drager, Kathry D.R",
  title =        "AAC  Technologies  for  Young  Children with Complex Communication Needs:  State of the Science and Future Re-search Directions",
  journal =      "Augmentative and Alternative Communication",
  volume =       "23",
  year =         "2007",
}

@article{thePerformance,
  author =       "Kathryn D. R. Drager",
  author =        "Janice C. Light",
   author =        "JoHannah Curran Speltz",
    author =        "Karen A. Fallon",
  author =        "Lauren Z. Jeffries",
  title =        "The Performance of Typically Developing 21/2-Year-Olds on Dynamic Display AAC Technologies With Different System Layouts and Language Organizations",
  journal =      "Journal of Speech, Language, and Hearing Research",
  volume =       "46",
  year =         "2003",
}

@article{lightDrager,
  author =       "Light, Janice C., and Drager, Kathryn D.R.",
  title =        "Improving the design of augmentative and alternative communication technologies for young children",
  journal =      "Assistive Technology",
    pages =       "17 – 32",
  volume =       "14",
  year =         "2002"
}

@article{thePerformance1,
  author =       "Kathryn D. R. Drager",
  author =        "Janice C. Light",
   author =        "Rhonda Carlson",
    author =        "Karen D'Silva",
  author =        "Brittany Larsson",
    author =        "Laura Pitkin",
        author =        "Gini Stopper",
  title =        "Learning of Dynamic Display AAC Technologies by Typically Developing 3-Year-Olds: Effect of Different Layouts and Menu Approaches",
  journal =      "Journal of Speech, Language, and Hearing Research",
  volume =       "47",
  year =         "2004",
}



@article{AAChistory,
  author =       "Jack Hourcade, Tami Everhart Pilotte, Elizabeth West, and Phil Parette",
  title =        "A History of Augmentative and Alternative Communication for Individuals with Severe and Profound Disabilities",
  journal =      "FOCUS ON AUTISM AND OTHER DEVELOPMENTAL DISABILITIES",
  volume =       "19",
  number =      "4",
  year =         "2004",
}



@article {Wilkinson2004
    author = "Wilkinson, K. M., & Jagaroo, V.",
    year   = "2004",
    title = "Contributions of principles of visual cognitive science to AAC system display design.",
    Journal = "Augmentative and Alternative Communica- tion",
    volume = "20",
    pages = "123-136"
}


@article {Wilkinson2006
    author = "Wilkinson, K. M., Carlin, M., & Jagaroo, V.",
    year   = "2006",
    title = "Preschoolers’ speed of locating a target symbol under different color conditions. Augmentative and Alternative Communication",
    Journal = "Augmentative and Alternative Communication",
    volume = "22",
    pages = "123 – 133"
}

% Online


@Online{AACHistory2,
author      = "MyAAC",
title       = "History of AAC",
url         = "http://www.myaac.org/introduction/a-brief-history-of-aac",
howpublished = "\url{http://www.myaac.org/introduction/a-brief-history-of-aac}"
}



@Online{TobiiCommunicator,
author      = "Tobii",
title       = "Tobii Sono Flex",
url         = "http://www.tobii.com/no/assistive-technology/norway/produkter/software/tobii-sono-flex/",
howpublished = "\url{http://www.tobii.com/no/assistive-technology/norway/produkter/software/tobii-sono-flex/}"
}

@Online{HvaErASK,
author      = "Isaac Norge",
title       = "Hva er ASK?",
url         = "http://www.isaac.no/hva-er-ask/",
howpublished = "\url{http://www.isaac.no/hva-er-ask/}"
}

@Online{Tegnsystemer,
author      = "Isaac Norge",
title       = "Tegnsystemer",
url         = "http://www.isaac.no/fagstoff/tegnsystemer-i-ask/",
howpublished = "\url{http://www.isaac.no/fagstoff/tegnsystemer-i-ask/}"
}

@Online{GrafiskTegn,
author      = "Isaac Norge",
title       = "Grafiske Tegnsystemer",
url         = "http://www.isaac.no/fagstoff/tegnsystemer-i-ask/grafiske-tegnsystemer/",
howpublished = "\url{http://www.isaac.no/fagstoff/tegnsystemer-i-ask/grafiske-tegnsystemer/}"
}


@Online{BlissymbolsIMG,
author      = "New Tech City Blog",
title       = "The Man Who Tried to Eliminate All Words, But Never Met a Smartphone",
url         = "http://www.wnyc.org/story/charles-bliss-emoji/",
howpublished = "\url{http://www.wnyc.org/story/charles-bliss-emoji/}"
}


@Online{TobiiHistory,
author      = "Tobii",
title       = "The history of eye-tracking technology",
url         = "http://www.tobii.com/en/about/what-is-eye-tracking/the-history-of-eye-tracking-technology/",
howpublished = "\url{http://www.tobii.com/en/about/what-is-eye-tracking/the-history-of-eye-tracking-technology/}"
}

@Online{TobiiEye,
author      = "Tobii",
title       = "Pc eye go",
url         = "http://www.tobii.com/en/assistive-technology/global/products/hardware/pceye/",
howpublished = "\url{http://www.tobii.com/en/assistive-technology/global/products/hardware/pceye/}"
}

@Online{TobiiHomepage,
author      = "Tobii",
title       = "Pc eye go",
url         = "http://www.tobii.com/en/assistive-technology/north-america/",
howpublished = "\url{http://www.tobii.com/en/assistive-technology/north-america/}"
}


@Online{Tobii,
author      = "Tobii",
title       = "Assistive Technology and Disabilities",
url         = "http://www.tobii.com/en/assistive-technology/global/disabilities/",
howpublished = "\url{http://www.tobii.com/en/assistive-technology/global/disabilities/}"
}

@Online{Wiki,
author      = "Wikipedia",
title       = "Eye tracking",
url         = " http://en.wikipedia.org/wiki/Eye_tracking#cite_note-1",
howpublished = "\url{ http://en.wikipedia.org/wiki/Eye_tracking#cite_note-1}"
}



@Online{Calibration,
author      = "Tobii",
title       = "An introduction to eye tracking and Tobii Eye Trackers",
url         = " http://www.tobii.com/eye-tracking-research/global/library/white-papers/tobii-eye-tracking-white-paper/",
howpublished = "\url{http://www.tobii.com/eye-tracking-research/global/library/white-papers/tobii-eye-tracking-white-paper/}",
note = {19.11.2014}
}

@Online{VisualImage,
author      = "Tobii",
title       = "The science of Eyegaze",
url         = " http://www.sensoryguru.com/eyecontrol/science/",
howpublished = "\url{http://www.sensoryguru.com/eyecontrol/science/}",
note = {19.11.2014}
}

@Online{Foveale,
author      = "Tobii",
title       = "foveale synsfelt, det",
url         = "http://www.typografi.no/pages/nettsted/leksikon.aspx?aID=233&kID=80&eid=23",
howpublished = "\url{http://www.typografi.no/pages/nettsted/leksikon.aspx?aID=233&kID=80&eid=23}",
note = {19.11.2014}
}



@misc{Symbo0:online,
author = {n2y},
title = {SymbolStix},
howpublished = {\url{https://www.n2y.com/products/symbolstix/}},
month = {Mars},
year = {2015},
note = {(Visited on 03/16/2015)}
}

@misc{n2y,
author = {n2y},
title = {n2y | Our Story},
howpublished = {\url{https://www.n2y.com/story.aspx}},
month = {mars},
year = {2015},
note = {(Visited on 03/16/2015)}
}
